<?xml version="1.0" encoding="UTF-8"?><collection xmlns="http://www.loc.gov/MARC21/slim"><record><leader>00515nam--2200133-i-4500</leader><controlfield tag="001">000041586</controlfield><controlfield tag="002">20161230</controlfield><controlfield tag="005">20161230201043</controlfield><controlfield tag="008">060222s1000------------r-----000-0-eng-d</controlfield><datafield ind1=" " ind2=" " tag="080"><subfield code="a">621.039.86(043):550.93(043)</subfield></datafield><datafield ind1=" " ind2=" " tag="100"><subfield code="a">Silberman,Miles Louis</subfield></datafield><datafield ind1=" " ind2=" " tag="245"><subfield code="a">Time of ore deposition in epithermal veins of western nevada and eastern california as measured by k-ar isotopic ages on primary adularia and alunite</subfield></datafield><datafield ind1=" " ind2=" " tag="260"><subfield code="a">Rochester, Department Of Geological Sciences The Univ.Of Rochester, 1971. 149 P</subfield></datafield><datafield ind1=" " ind2=" " tag="852"><subfield code="a">41889</subfield></datafield></record></collection>